<?xml version="1.0" encoding="UTF-8"?><record xmlns="http://www.loc.gov/MARC21/slim" xmlns:cinclude="http://apache.org/cocoon/include/1.0" xmlns:zs="http://www.loc.gov/zing/srw/">
  <leader>01447cz  a2200265n  4500</leader>
  <controlfield tag="001">n  85337498 </controlfield>
  <controlfield tag="003">DLC</controlfield>
  <controlfield tag="005">20141209083846.0</controlfield>
  <controlfield tag="008">860326n| acannaabn          |n aba      </controlfield>
  <datafield tag="010" ind1=" " ind2=" ">
    <subfield code="a">n  85337498 </subfield>
  </datafield>
  <datafield tag="035" ind1=" " ind2=" ">
    <subfield code="a">(OCoLC)oca01613691</subfield>
  </datafield>
  <datafield tag="035" ind1=" " ind2=" ">
    <subfield code="a">(Uk)001639764</subfield>
  </datafield>
  <datafield tag="040" ind1=" " ind2=" ">
    <subfield code="a">DLC</subfield>
    <subfield code="b">eng</subfield>
    <subfield code="c">DLC</subfield>
    <subfield code="d">DLC</subfield>
    <subfield code="d">MoSW-Mu</subfield>
    <subfield code="d">NjBlaOCU</subfield>
    <subfield code="d">Uk</subfield>
    <subfield code="d">DLC</subfield>
  </datafield>
  <datafield tag="100" ind1="1" ind2=" ">
    <subfield code="a">Harvey, David</subfield>
  </datafield>
  <datafield tag="667" ind1=" " ind2=" ">
    <subfield code="a">THIS 1XX FIELD CANNOT BE USED UNDER RDA UNTIL THIS UNDIFFERENTIATED RECORD HAS BEEN HANDLED FOLLOWING THE GUIDELINES IN DCM Z1 008/32</subfield>
  </datafield>
  <datafield tag="670" ind1=" " ind2=" ">
    <subfield code="a">[Author of Thorsons complete guide to alternative living]</subfield>
  </datafield>
  <datafield tag="670" ind1=" " ind2=" ">
    <subfield code="a">His Thorsons complete guide to alternative living, 1986:</subfield>
    <subfield code="b">t.p. (David Harvey, also wrote Power of healing)</subfield>
  </datafield>
  <datafield tag="670" ind1=" " ind2=" ">
    <subfield code="a">[Co-author of Accounting for business]</subfield>
  </datafield>
  <datafield tag="670" ind1=" " ind2=" ">
    <subfield code="a">Atrill, P. Accounting for business, 1991:</subfield>
    <subfield code="b">t.p. (David Harvey) p. 4 of cover (prof. of accounting, Univ. of New England, New South Wales)</subfield>
  </datafield>
  <datafield tag="670" ind1=" " ind2=" ">
    <subfield code="a">BLAISE 12-90</subfield>
    <subfield code="b">(Harvey, David)</subfield>
  </datafield>
  <datafield tag="670" ind1=" " ind2=" ">
    <subfield code="a">[Author of Obsession]</subfield>
  </datafield>
  <datafield tag="670" ind1=" " ind2=" ">
    <subfield code="a">Obsession, celebrities and their stalkers, 2002:</subfield>
    <subfield code="b">t.p. (David Harvey) cover (well-known broadcaster and TV producer; in Ireland best known for co-hosting Crimeline)</subfield>
  </datafield>
  <datafield tag="670" ind1=" " ind2=" ">
    <subfield code="a">[Assisting editor of Commemoration, ritual and performance]</subfield>
  </datafield>
  <datafield tag="670" ind1=" " ind2=" ">
    <subfield code="a">Commemoration, ritual and performance, c2006:</subfield>
    <subfield code="b">t.p. (edited by Jane Morlet Hardie with David Harvey)</subfield>
  </datafield>
  <datafield tag="675" ind1=" " ind2=" ">
    <subfield code="a">Ww, 1985;</subfield>
    <subfield code="a">Variety intern'l showbus., 1981, '83;</subfield>
    <subfield code="a">Commonwealth univ. yrbk., 1990</subfield>
  </datafield>
</record>